../scorec-refs/scorec-refs.bib