@string (IJMult = {International Journal for Multiscale Computational Engineering} )
@string (CommMathSc = {Communications in Mathematical Sciences} )
@string (CMAME = {Computer Methods in Applied Mechanics and Engineering} )
@string (IJNME = {International Journal for Numerical Methods in Engineering} )
@string (PhyRevLet = {Physical Review Letters} )
@string (JMPS = {Journal of the Mechanics and Physics of Solids} )
@string (MSMSE = {Modelling and Simulation in Materials Science and Engineering})
@string (IJSS = {International Journal of Solids and Structures})
@STRING{ijnmf = "International Journal of Numerical Methods in Fluids"}

@comment MPAS
@article{JuRingler2011,
  Author = {Ju, L.COMMENo and Ringler, T. and Gunzburger, M.},
  ISSN = {14397358},
  Journal = {LECTURE NOTES IN COMPUTATIONAL SCIENCE AND ENGINEERING},
  Pages = {313 - 344},
  Title = {Voronoi Tessellations and Their Application to Climate and Global Modeling.},
  Volume = {80},
  URL = {http://libproxy.rpi.edu/login?url=http://search.ebscohost.com/login.aspx?direct=true&db=edsbl&AN=RN292460579&site=eds-live&scope=site},
  Year = {2011},
}

@article{ringler2008,
  Author = {Ringler, T. and Ju, L. and Gunzburger, M.},
  ISSN = {16167341},
  Journal = {OCEAN DYNAMICS},
  Number = {5-6},
  Pages = {475 - 498},
  Title = {A multiresolution method for climate system modeling: application of spherical centroidal Voronoi tessellations.},
  Volume = {58},
  URL = {http://libproxy.rpi.edu/login?url=http://search.ebscohost.com/login.aspx?direct=true&db=edsbl&AN=RN242030811&site=eds-live&scope=site},
  Year = {2008},
}

@manual{climateMesh,
  author = "Climate, Ocean, Sea-Ice Modeling Team. Los Alamos National Laboratory",
  title = "MPAS-Ocean Model User's Guide.  Version 2.0",
  note = {\url{http://oceans11.lanl.gov/mpas_data/mpas_ocean/users_guide/release_2.0/mpas_ocean_users_guide_2.0.pdf}},
  year = {2014}
}

@COMMENT finite difference
@article{fornberg1988generation,
  title={Generation of finite difference formulas on arbitrarily spaced
    grids},
  author={Fornberg, Bengt},
  journal={Mathematics of computation},
  volume={51},
  number={184},
  pages={699--706},
  year={1988}
}

@COMMENT programming models

@book{Szyperski02,
   address = {New York, NY},
   author = {Szyperski, Clemens},
   key = {Szperski},
   edition={Second},
   publisher = {ACM Press and Addison-Wesley},
   title = {Component Software: Beyond Object-Oriented Programming},
   year = {2002}
}
@BOOK{Wang05,
   title = "Component-Oriented Programming",
   author = "Wang, Andy Ju An and Qian, Kai",
   publisher = {John Wiley \& Sons, Inc.},
   year = {2005}
}

@BOOK{SedgewickCAlgs,
   title = "Algorithms In C: Parts 1-4",
   author = "Sedgewick, Robert",
   edition={Third},
   publisher = {Addison-Wesley Inc.},
   year = {2004}
}

@COMMENT natural language processing
@INPROCEEDINGS{Woods99linguisticknowledge,
    author = {William A. Woods and Lawrence A. Bookman and Ann Houston and Robert J. Kuhns and Paul Martin and Stephen Green},
    title = {Linguistic Knowledge can Improve Information Retrieval},
    booktitle = {In Sixth Annual Applied Natural Language Processing Conference},
    year = {1999},
    pages = {267}
}

@article{Chan20099729,
title = "Shallow semantic labeling using two-phase feature-enhanced string matching",
journal = "Expert Systems with Applications",
volume = "36",
number = "6",
pages = "9729 - 9736",
year = "2009",
note = "",
issn = "0957-4174",
doi = "DOI: 10.1016/j.eswa.2009.02.031",
url = "http://www.sciencedirect.com/science/article/B6V03-4VNH3TG-N/2/a0c46e97f9a955f91f7590fef72ee61b",
author = "Samuel W.K. Chan",
keywords = "Natural language processing",
keywords = "String matching",
keywords = "Shallow parsing"
}

@COMMENT finite elements and error estimation
@book{hughes2012finite,
  title={The finite element method: linear static and dynamic finite element analysis},
  author={Hughes, Thomas JR},
  year={2012},
  publisher={Courier Dover Publications}
}

@book (AinOden,
       AUTHOR = {M. Ainsworth and J.T. Oden},
       TITLE = {A Posteriori Error Estimation in Finite Element Analysis},
       PUBLISHER = {John Wiley \& Sons, Inc.},
       YEAR = 2000)

@book{bab01,
        author = "Babuska, I. and Strouboulis, T.",
        Title = "The Reliability of the FE Method",
        publisher = "Oxford Press",
        address = "",
        year = "2001"
}

@Article{Zienkiewicz92a,
  author =  "O. C.~Zienkiewicz and J. Z.~Zhu",
  title =   "The Superconvergent Patch Recovery And \emph{A
       Posteriori} Error Estimates. Part 1: The Recovery
       Technique",
  journal = "International Journal for Numerical Methods in
       Engineering",
  volume =  "33",
  pages =   "1331--1364",
  annote =  "FE-Review:Zienkiewicz92a.pdf",
  year =    "1992",
}

@TechReport{oai:CiteSeerPSU:426058,
  title =   "Estimation of Local Modeling Error and Goal-Oriented
       Adaptive Modeling of Heterogeneous Materials; Part {I}
   : Error Estimates and Adaptive Algorithms",
  author =  "J. Tinsley Oden and Kumar S. Vemaganti",
  year =    {0},
  month =   jan # "~14",
  citeseer-references = "oai:CiteSeerPSU:432973; oai:CiteSeerPSU:431147",
  annote =  "J. Tinsley Oden (Texas Institute for Computational and
       Applied Mathematics; The University of Texas at Austin;
       Austin , Texas , USA); Kumar S. Vemaganti (Texas
       Institute for Computational and Applied Mathematics;
       The University of Texas at Austin; Austin , Texas ,
       USA);",
  bibsource =  "OAI-PMH server at cs1.ist.psu.edu",
  language =   "en",
  oai =     "oai:CiteSeerPSU:426058",
  rights =  "unrestricted",
  URL =     "http://citeseer.ist.psu.edu/426058.html;
       http://www.ticam.utexas.edu/reports/2000/0001.ps.gz",
}
@article{oden01,
      author = "Oden, J.T. and Prudhomme, S.",
      title = "Goal-oriented error estimation and adaptivity for the finite element method",
      journal = "Comp. Meth. Appl. Mech. Engng.",
      volume = "41",
      number = "5-6",
      pages = "735-756",
      year = "2001"}

@article{OdenPru,
   AUTHOR = {John Tinsley Oden and Serge Prudhomme and Paul Bauman},
   TITLE = {On the extension of goal-oriented error estimation and
hierarchical modeling to discrete lattice models},
   JOURNAL = CMAME,
   YEAR = 2005,
   VOLUME = 194,
   PAGES = {3668-3688}
}

@article {OdenPru2,
   AUTHOR = {John Tinsley Oden and Serge Prudhomme},
   TITLE = {Estimation of Modeling Error in Computational Mechanics},
   JOURNAL = {Journal of Computational Physics},
   YEAR = 2002,
   VOLUME = 182,
   PAGES = {496-515}}

@article (OdenVemMoes,
   AUTHOR = {John Tinsley Oden and Kumar Vemaganti and Nicolas Mo\"es},
   TITLE = {Hierarchical modeling of heterogeneous solids},
   JOURNAL = {Computer Methods in Applied Mechanics and Engineering},
   YEAR = 1999,
   VOLUME = 172,
   NUMBER = {1-4},
   PAGES = {3-25})

@COMMENT combining modeling errors and discretization errors
@article{Larsson20045283,
  title = "Modeling and discretization errors in hyperelasto-(visco-)plasticity with a view to hierarchical modeling",
  journal = "Computer Methods in Applied Mechanics and Engineering",
  volume = "193",
  number = "48-51",
  pages = "5283 - 5300",
  year = "2004",
  note = "Advances in Computational Plasticity",
  issn = "0045-7825",
  doi = "DOI: 10.1016/j.cma.2004.01.039",
  url = "http://www.sciencedirect.com/science/article/B6V29-4D8VM8S-2/2/643dab92d46f4a8453c735cb3a011b90",
  author = "Fredrik Larsson and Kenneth Runesson",
  keywords = "Modeling errors",
  keywords = "Discretization errors",
  keywords = "Hyperelasto-(visco)-plasticity"
}

@COMMENT multiscale

@manual{multi-soft,
  author={M.S. Shephard and M.A. Nuggehally and B. FranzDale and C.R. Picu and J. Fish},
  title={{Component Software for Multiscale Simulation}},
  organization = {Rensselaer Polytechnic Institute}
}

@PhdThesis{nugDissertation,
   author = {Mohan Nuggehally},
   title = {Concurrent Atomistic to Continuum Coupling and
		       Adaptive Model Selection for Multiscale Problems},
  school = {Rensselaer Polytechnic Institute},
  year =  {2007}
}

@article (MilAch,
	AUTHOR = {R.E. Miller and A. Acharya},
	TITLE = {A stress-gradient based criterion for dislocation nucleation
		 in crystals},
	JOURNAL = JMPS,
	YEAR = 2004,
	VOLUME = 52,
	PAGES = {1507-1525})

@PhdThesis{fraDissertation,
  author =       {Benjamin FrantzDale},
  title =        {Software Design For Multiscale Engineering Simulation},
  school =       {Rensselaer Polytechnic Institute},
  year =         {2007}
}

@incollection{She07,
      author = "Shephard, M.S. and Seol, E.S. and B. FrantzDale",
      title = "Toward a Multi-Model Hierarchy to Support Multiscale Simulation",
      editor = "P.A. Fishwick",
      booktitle = "CRC Handbook of Dynamic System Modeling",
      publisher = "Chapman and Hall, Boca Raton",
      pages = "12.1-12.18",
      year = "2007"}

@article {KevGeaHym,
   AUTHOR = {I.G. Kevrekidis and C.W. Gear and J.M. Hyman
and P.G. Kevrekidis and O. Runborg and C. Theodoropoulos},
   TITLE = {Equation-Free Coarse-grained Multiscale Computation: enabling microscopic
simulators to perform system-level tasks},
   JOURNAL = CommMathSc,
   YEAR = 2003,
   VOLUME = 1,
   NUMBER = 4,
   PAGES = {715-762} }

@article{knap-ort01,
      author = "Knap, J. and Ortiz, M.",
      title = "An analysis of the quasicontinuum method",
      journal = "J. Mechanics and Physics of Solids",
      volume = "49",
      number = "",
      pages = "1899-1923",
      year = "2001"}

@article{BelyXiao,
   AUTHOR = {T. Belytschko and S.P. Xiao},
   TITLE = {Coupling Methods for Continuum Model with Molecular Model},
   JOURNAL = IJMult,
   YEAR = 2003,
   VOLUME = 1,
   NUMBER = 1,
   PAGES = {115-126}
}

@article (DatPicu,
   AUTHOR = {D.K. Datta and C.R. Picu and M.S. Shephard},
   TITLE = {Composite Grid Atomistic Continuum Method:
            An Adaptive approach to bridge continuum with atomistic analysis},
   JOURNAL = IJMult,
   YEAR = 2004,
   VOLUME = 2,
   PAGES = {401-420} )

@article{Hoff00,
      author = {Hoffmann, C.M. and Joan-Arinyo, R.},
      title = {Distributed maintenance of
               multiple project views},
      journal = {Computer-Aided Design},
      volume = {32},
      pages = {421-431},
      year = {2000}
}

@article (WienEngHua,
   AUTHOR = {W. E and B. Engquist and Z. Huang},
   TITLE = {Heterogeneous multiscale method: A general methodology for multiscale modeling},
   JOURNAL = {Physical Review B},
   YEAR = 2003,
   VOLUME = 67,
   NUMBER = 092101,
   PAGES = {1-4})

@article (MilTad,
   AUTHOR = {R.E. Miller and E.B. Tadmor},
   TITLE = {The Quasicontinuum Method: Overview, applications and current directions},
   JOURNAL = {Journal of Computer-Aided Materials Design},
   YEAR = 2002,
   VOLUME = 9,
   NUMBER = 3,
   PAGES = {203-239})

@article (NugShe,
   AUTHOR = {M.A. Nuggehally and M.S. Shephard and C.R. Picu and J. Fish},
   TITLE = {Adaptive model selection procedure for concurrent multiscale problems},
   JOURNAL = {International Journal for Multiscale Computational Engineering},
   YEAR = 2007,
   VOLUME = 5,
   NUMBER = 5,
   PAGES = {369-386})

@article{fish-nugg07,
      author = "J. Fish and M.A. Nuggehally and M.S. Shephard and
C.R. Picu and S. Badia and M.L. Parks and M. Gunzburger",
      title = "Concurrent AtC coupling based on a blend of the continuum
stress and the atomistic force",
      journal = "Computer Methods in Applied Mechanics and Engineering",
      volume = "196",
      number = "",
      pages = "4548-4560",
      year = "2007"}

@COMMENT geometry
@article (BeaWal,
   AUTHOR = {M.W. Beall and J. Walsh and M.S. Shephard},
   TITLE = {A comparison of techniques for geometry access related to mesh generation},
   JOURNAL = {Engineering with Computers},
   YEAR = 2004,
   VOLUME = 20,
   PAGES = {210-221})


@misc{Sim,
  Author = {Simmetrix Inc.},
  Title = {Simmetrix home page},
  note={\url{http://www.simmetrix.com/}},
  month={January},
  year={2009}
}

@article{weiler1988radial,
  title={The radial edge structure: a topological representation for
    non-manifold geometric boundary modeling},
  author={Weiler, Kevin},
  journal={Geometric modeling for CAD applications},
  pages={3--36},
  year={1988},
  publisher={Elsevier Science Publishers, Amsterdam}
}

@COMMENT attributes
@article {OBaBea,
   AUTHOR = {R.M. {O'Bara} and M.W. Beall and M.S. Shephard},
   TITLE = {Attribute Management System for Engineering Analysis},
   JOURNAL = {Engineering with Computers},
   YEAR = 2002,
   VOLUME = 18,
   PAGES = {339-351}}

@COMMENT simulation based engineering
@article (SheBea,
   AUTHOR = {Mark S Shephard and M.W. Beall and R.M. {O'Bara} and B.E. Webster},
   TITLE = {Toward simulation-based design},
   JOURNAL = {Finite Elements in Analysis and Design},
   YEAR = 2004,
   VOLUME = 40,
   NUMBER = 12,
   PAGES = {1575-1598})

@inproceedings{shephard2004supporting,
  title={Supporting Simulations to Guide Engineering Design},
  author={Shephard, Mark S and Beall, Mark W and Webster, Bruce E},
  booktitle={10 th AIAA/ISSMO Multidisciplinary Analysis and Optimization Conference},
  year={2004}
}

@article{shephard2013bringing,
  title={{Bringing HPC to Engineering Innovation}},
  author={Shephard, Mark S and Smith, Cameron and Kolb, John E},
  journal={Computing in Science \& Engineering},
  volume={15},
  number={1},
  pages={16--25},
  year={2013},
  publisher={AIP Publishing}
}

@INPROCEEDINGS{Beall03accessingcad,
    author = {Mark W. Beall and Joe Walsh and Mark S. Shephard},
    title = {Accessing CAD geometry for mesh generation},
    booktitle = {in: 12th International Meshing Roundtable, Sandia National Laboratories},
    year = {2003},
    pages = {2003--3030}
}

@PhdThesis{beaDissertation,
  author =       {Mark W. Beall},
  title =        {An Object-Oriented Framework for the Reliable Automated Solution of Problems in Mathematical Physics},
  school =       {Rensselaer Polytechnic Institute},
  year =         {1999}
}

@COMMENT model adaptation
@book{ramm2003error,
  title={Error-controlled adaptive finite elements in solid mechanics},
  author={Ramm, Ekkehard and Rank, E and Rannacher, R and Schweizerhof, K
    and Stein, E and Wendland, W and Wittum, G and Wriggers, Peter and
      Wunderlich, Walter},
  year={2003},
  publisher={John Wiley \& Sons}
}

@COMMENT Mesh adaptation
@misc{XLi03,
  author={X.Li},
  title={Mesh Modification Procedures for General 3-D Non-Manifold Domains},
  year={2003},
  note={Rensselaer Polytechnic Institute}
}

@article{Shephard2005251,
  title = "Adaptive mesh generation for curved domains",
  journal = "Applied Numerical Mathematics",
  volume = "52",
  number = "2-3",
  pages = "251 - 271",
  year = "2005",
  note = "ADAPT '03: Conference on Adaptive Methods for Partial Differential Equations and Large-Scale Computation",
  issn = "0168-9274",
  doi = "DOI: 10.1016/j.apnum.2004.08.040",
  url = "http://www.sciencedirect.com/science/article/B6TYD-4DTJV0T-5/2/227db43dd8320832bbfc77635e589f88",
  author = "Mark S. Shephard and Joseph E. Flaherty and Kenneth E. Jansen and Xiangrong Li and Xiaojuan Luo and Nicolas Chevaugeon and Jean-François Remacle and Mark W. Beall and Robert M. O'Bara",
  keywords = "Adaptive meshes",
  keywords = "Anisotropic meshes",
  keywords = "Curved meshes"
}

@inproceedings{chitale2014anisotropic,
  title={Anisotropic boundary layer adaptivity of multi-element wings},
  author={Chitale, Kedar C and Rasquin, Michel and Sahni, Onkar and
    Shephard, Mark S and Jansen, Kenneth E},
  booktitle={52nd Aerospace Sciences Meeting (SciTech). AIAA Paper},
  volume={117},
  year={2014}
}

@article{sahni2006efficient,
  title={Efficient anisotropic adaptive discretization of the cardiovascular
    system},
  author={Sahni, Onkar and M{\"u}ller, Jens and Jansen, Kenneth E and
    Shephard, Mark S and Taylor, Charles A},
  journal={Computer methods in applied mechanics and engineering},
  volume={195},
  number={41},
  pages={5634--5655},
  year={2006},
  publisher={Elsevier}
}


@COMMENT mesh generation
@inproceedings{tendulkar2011parallel,
  title={Parallel mesh generation and adaptation for CAD geometries},
  author={Tendulkar, Saurabh and Beall, Mark and Shephard, Mark S and
    Jansen, KE},
  booktitle={Proc. NAFEMS World Congress},
  pages={2011--2},
  year={2011}
}

@COMMENT software
@Misc{python,
author={{Python Software Foundation}},
title={{Python Programming Language - Official Website}},
note="\url{http://www.python.org/}",
  month={April},
  year={2009}
}

@Misc{ctypes,
author={{Thomas Heller}},
title={{The ctypes package}},
note="\url{http://python.net/crew/theller/ctypes/}",
  month={April},
  year={2009}
}

@Misc{networkx,
author={{Aric Hagberg}},
title={{NetworkX Homepage}},
note="\url{http://networkx.lanl.gov/index.html}",
  month={April},
  year={2009}
}


@Misc{pygraphviz,
author={{Aric Hagberg}},
title={{PyGraphviz Homepage}},
note="\url{http://networkx.lanl.gov/pygraphviz/index.html}",
  month={April},
  year={2009}
}


@Misc{graphviz,
author={{John Ellson,Emden Gansner}},
title={{Graphviz - Graph Visualization Software}},
note="\url{http://www.graphviz.org/}",
  month={April},
  year={2009}
}

@ARTICLE{Gansner99anopen,
    author = {Emden R. Gansner and Stephen C. North},
    title = {An Open Graph Visualization System and Its Applications},
    journal = {Software - Practice and Experience},
    year = {1999},
    volume = {30},
    pages = {1203--1233}
}

@inproceedings{hagberg-2008-exploring,
author = {Aric A. Hagberg and Daniel A. Schult and Pieter J. Swart},
title = {Exploring network structure, dynamics, and function using NetworkX},
year = {2008},
month = Aug,
urlpdf = {http://math.lanl.gov/~hagberg/Papers/hagberg-2008-exploring.pdf},
booktitle = {Proceedings of the 7th Python in Science Conference (SciPy2008)},
editors = {G\"{a}el Varoquaux, Travis Vaught, and Jarrod Millman},
address = {Pasadena, CA USA},
pages = {11--15}
}


@book{Bollobas,
  title={{Modern Graph Theory}},
  author={Bela Bollobas},
  year={1998},
  publisher={Springer-Verlag New York, NY}
}

@book{Diestel,
  title={{Graph Theory}},
  author={Reinhard Diestel},
  year={2006},
  publisher={Springer-Verlag Berlin Heidelberg}
}

@book{West01,
  title={{Introduction to Graph Theory}},
  author={D. B. West},
  year={2001},
  publisher={Prentice Hall, 2nd ed.}
}


@book{Stroustrup,
  title={{The C++ programming language}},
  author={Stroustrup, B. and others},
  year={1997},
  publisher={Addison-Wesley Reading, MA}
}

@book{Kernighan&Ritchie,
  title={{The C Programming Language: ANSI C Version}},
  author={{Brian W. Kernighan, Dennis M. Ritchie}},
  year={1988},
  publisher={Prentice Hall}
}

@book{Martelli03,
  title={{Python in a Nutshell}},
  author={{A. Martelli}},
  year={2003},
  publisher={O'Reilly Media Inc}
}

@book{Langtangen04,
  title={{Python Scripting for Computational Science}},
  author={{H.P. Langtangen}},
  year={2004},
  publisher={Springer Verlag Series in Computational Science and Engineering}
}

@book{Metcalf&Cohen,
   title={{Fortran 95/2003 Explained (Numerical Mathematics and Scientific Computation)}},
   author={{Michael Metcalf, John Reid, Malcolm Cohen}},
   year={2004},
   publisher={Oxford University Press, USA}
}

@Misc{parasolid,
author = {Parasolid},
title= {Parasolid},
institution={{UGS, Corp.}},
note={\url{http://www.ugs.com/products/open/parasolid}},
  month={April},
  year={2009}
}

@COMMENT this reference is weak
@Misc{abaqus,
author = {{Dassault Syst\'{e}mes}},
title= {Abaqus Documentation},
note={\url{http://www.simulia.com/support/
           documentation.html}},
		     month={April},
  year={2009}
}

@Misc{ArmyExample,
author = {Ottmar Klaas},
title = {ARMY RESEARCH LABORATORY: Multiscale Simulation Application Suite Example Problems},
insitiution={{Simmetrix Inc.}},
note={{Under contract W911QX-06-C-0048.}}
}

@COMMENT Viewpoint Stuff
@article{BJ93,
  author =	"W. F. Bronsvoort and F. W. Jansen",
  title =	"Feature Modelling and Conversion -- Key Concepts for
		 Concurrent Engineering",
  journal =	"Computers in Industry",
  volume =	"{\bf 21}, 1, 61 -- 86",
  year = 	"1993",
}

@article{HoffmannJ00,
  title =	{Distributed maintenance of multiple product views},
  author =	"Christoph M. Hoffmann and Robert Joan-Arinyo",
  journal =	"Computer-Aided Design",
  year = 	"2000",
  number =	"7",
  volume =	"32",
  bibdate =	"2003-11-04",
  pages =	"421--431",
  URL =  	"http://dx.doi.org/10.1016/S0010-4485(00)00023-3",
}

@Article{journals/cad/NoortHB02,
  title =	"Integrating part and assembly modelling",
  author =	"Alex Noort and Geoffry F. M. Hoek and Willem F.
		 Bronsvoort",
  journal =	"Computer-Aided Design",
  year = 	"2002",
  number =	"12",
  volume =	"34",
  bibdate =	"2003-10-01",
  bibsource =	"DBLP,
		 http://dblp.uni-trier.de/db/journals/cad/cad34.html#NoortHB02",
  pages =	"899--912",
  URL =  	"http://dx.doi.org/10.1016/S0010-4485(01)00145-2",
}

@COMMENT place breaks in long urls for the sake of BibTex

@COMMENT NEED BETTER SIMMETRIX REFERENCES
@Misc{GeomSim,
author={{Simmetrix, Inc.}},
title={GeomSim},
institution={{Simmetrix, Inc.}},
note={\url{http://www.simmetrix.com/products/
	   SimulationModelingSuite/GeomSim/GeomSim.html}},
	     month={April},
  year={2009}
}

@Misc{MeshSim,
author={{Simmetrix, Inc.}},
title={MeshSim},
institution={{Simmetrix, Inc.}},
note={\url{http://www.simmetrix.com/products/
  	   SimulationModelingSuite/MeshSim/MeshSim.html}},
	     month={April},
  year={2009}
}

@Misc{FieldSim,
author={{Simmetrix, Inc.}},
title={FieldSim},
institution={{Simmetrix, Inc.}},
note={\url{http://www.simmetrix.com/products/
      SimulationModelingSuite/FieldSim/FieldSim.html}},
	    month={April},
  year={2009}
}
@Misc{SimAbsModel,
author={{Simmetrix, Inc.}},
title={Abstract Model},
institution={{Simmetrix, Inc.}},
note={\url{http://www.simmetrix.com/products/SimulationModelingSuite/GeomSimAbstract/GeomSimAbstract.html}},
  month={April},
  year={2009}
}



@Misc{SimAppS,
author={{Simmetrix, Inc.}},
title={Simulation Application Suite},
institution={{Simmetrix, Inc.}},
note={\url{http://www.simmetrix.com/products/
	   SimulationApplicationSuite/main.html}},
	     month={April},
  year={2009}
}

@Misc{XML,
author={{World Wide Web Consortium}},
title={Extensible Markup Language (XML) 1.1 (Second Edition)},
note={\url{http://www.w3.org/TR/2006/REC-xml11-20060816/}},
  month={March},
  year={2009}
}

@Misc{XSL,
author={{World Wide Web Consortium}},
title={Extensible Stylesheet Language (XSL) Version 1.1},
note={\url{http://www.w3.org/TR/xsl11/}},
  month={March},
  year={2009}
}

@COMMENT prolog references
@Misc{BProlog,
author={{Neng-Fa Zhoum}},
title={B-Prolog User's Manual (Version 7.1)},
institution={{Afany Software & CUNY & Kyutech}},
note={\url{http://www.probp.com/download/manual.pdf}},
  month={December},
  year={2008}
}

@Misc{ISO-Prolog,
author={{International Standards for Business, Government and Society}},
title={{ISO/IEC 13211-1:1995  Prolog -- Part 1: General core}},
note={\url{http://www.iso.org/iso/iso_catalogue/
	   catalogue_tc/catalogue_detail.htm?csnumber=21413}},
	     month={March},
  year={2009}
}

@Misc{SWI-Prolog,
  author={{Jan Wielemaker}},
  title={{SWI-Prolog home page}},
  note={\url{http://www.swi-prolog.org/}},
  month={April},
  year={2009}
}

@Manual{Wielemaker_08,
  author =  "Jan Wielemaker",
  title =   "{SWI}-{P}rolog 5.6.69 Reference Manual",
  organization = "Human-Computer Studies,
       University of Amsterdam",
  year =    "2008",
}


@InProceedings{Wielemaker:03b,
               author = "Jan Wielemaker",
               title = "An overview of the {SWI-Prolog} Programming Environment",
               booktitle = "Proceedings of the 13th International Workshop
	                    on Logic Programming Environments",
	       pages = "1-16",
	       editor = "Fred Mesnard and Alexander Serebenik",
               publisher = "Katholieke Universiteit Leuven",
               address = "Heverlee, Belgium",
               year = "2003",
	       month = "december",
               note = "CW 371"
              }

@Book{Ster86a,
  author =  "L. Sterling and E. Shapiro",
  title =   "The Art of Prolog",
  publisher =  "MIT Press",
  address = "Cambridge, Massachusetts",
  year =    "1986",
  keywords =   "prolog",
}

@Book{ClMe81,
  address = "New York",
  author =  "{W.F. Clocksin} and {C.S. Mellish}",
  key =     "ClMe81",
  keyword = "Logic",
  publisher =  "Springer-Verlag",
  title =   "Programming in {PROLOG}",
  year =    "1981",
}

@Book{Bratko86,
  author =  "Ivan Bratko",
  address = "Reading, Massachusetts",
  edition = "first",
  publisher =  "Addison-Wesley",
  title =   "Prolog Programming for Artificial Intelligence",
  year =    "1986",
  keywords =   "Prolog, Logic Programming",
  annote =  "Handapparat SFB",
}

@COMMENT LAMMPS
@Article{Plimpton95a,
  author =	"S. J. Plimpton",
  title =	"Fast parallel algorithms for short-range molecular
		 dynamics",
  journal =	"J. Comp Phys.",
  volume =	"117",
  pages =	"1--19",
  year = 	"1995",
}

@InProceedings{conf/ppsc/PlimptonPS97,
  title =	"Particle-Mesh Ewald and r{RESPA} for Parallel
		 Molecular Dynamics Simulations",
  author =	"Steve Plimpton and Roy Pollock and Mark Stevens",
  publisher =	"SIAM",
  year = 	"1997",
  bibdate =	"2003-04-25",
  bibsource =	"DBLP,
		 http://dblp.uni-trier.de/db/conf/ppsc/ppsc1997.html#PlimptonPS97",
  booktitle =	"PPSC",
  ISBN = 	"0-89871-395-1",
}

@misc{LAMMPSdoc,
  author={{Steve Plimpton, Paul Crozier, and Aidan Thompson}},
  title={{LAMMPS Users Manual}},
  note={\url{http://lammps.sandia.gov/doc/Manual.html}},
  month={April},
  year={2009}
}
@COMMENT AMSI
@article{del09,
  title={Collaborative software infrastructure for adaptive multiple model
    simulation},
  author={Delalondre, Fabien and Smith, Cameron and Shephard, Mark S},
  journal={Computer Methods in Applied Mechanics and Engineering},
  volume={199},
  number={21},
  pages={1352--1370},
  year={2010},
  publisher={Elsevier}
}

@COMMENT Luo Tissue Engineering
@article{luo07,
	author = {Luo, Xiao-Juan and Stylianopoulos, Triantafyllos and
            Barocas, Victor and Shephard, Mark},
	journal={Engineering with Computers},
	title={Multiscale computation for bioartificial soft tissues with complex geometries},
	volume={},
	pages={},
	year={2007},
	}

@COMMENT Victor paper
@article{victor08,
	author = { Stylianopoulos, Triantafyllos and Bashur, Chris A.
             and Goldstein, Aaron S. and Guicher, Scott A. and Barocas, Victor H. },
	journal = {Journal of the Mechanical Behavior of Biomedical Materials},
	title = {Computational predictions of the tensile properties
            of electrospun fibre meshes: Effect of fibre diameter and fibre orientation},
	volume = {1},
	pages = {326-335},
	year = {2008},
	}

@article{stylianopoulos:611,
author = {Triantafyllos Stylianopoulos and Victor H. Barocas},
collaboration = {},
title = {Multiscale, Structure-Based Modeling for the Elastic Mechanical Behavior of Arterial Walls},
publisher = {ASME},
year = {2007},
journal = {Journal of Biomechanical Engineering},
volume = {129},
number = {4},
pages = {611-618},
keywords = {cardiovascular system; biomechanics; physiological models; elasticity; proteins; molecular biophysics; molecular configurations},
url = {http://link.aip.org/link/?JBY/129/611/1},
doi = {10.1115/1.2746387}
}



@COMMENT GNU
@misc{GNULinux,
  author={{Free Software Foundation}},
  title={{GNU/Linux operating system}},
  note={\url{http://www.gnu.org/}},
  month={March},
  year={2009}
}
@misc{GNUBinutils,
  author={{Free Software Foundation}},
  title={{GNU Binutils}},
  note={\url{http://www.gnu.org/software/binutils/}},
  month={March},
  year={2009}
}


@misc{GCC,
  author={{Free Software Foundation}},
  title={{GCC, the GNU Compiler Collection}},
  note={\url{http://gcc.gnu.org/}},
  month={March},
  year={2009}
}

@misc{G77,
  author={{Free Software Foundation}},
  title={{G77, Online Documentation}},
  note={\url{http://gcc.gnu.org/onlinedocs/gcc-3.4.6/g77/}},
  month={April},
  year={2009}
}

@misc{GNUFortran,
  author={{Free Software Foundation}},
  title={{GNU FORTRAN}},
  note={\url{http://gcc.gnu.org/fortran/}},
  month={April},
  year={2009}
}

@manual{GCCman,
author={Richard M. Stallman and the GCC Developer Community},
title={{Using the GNU Compiler Collection}},
organization = {Free Software Foundation}
}

@COMMENT C and FORTRAN
@misc{CandFortran,
  title={{Using C/C++ and Fortran together}},
  note={\url{http://www.yolinux.com/TUTORIALS/LinuxTutorialMixingFortranAndC.html}},
  month={April},
  year={2009}
}

@COMMENT Nithin Simmetrix Progress Reports
@UNPUBLISHED{SimmProgress2,
author={{Nithin Mathew, Catalin Picu}},
title={{Simmetrix STTR Progress Report 2}},
note={\url{https://www.scorec.rpi.edu/rwiki/images/4/4d/Report2.pdf}}
}
@UNPUBLISHED{SimmProgress3,
author={{Nithin Mathew, Catalin Picu}},
title={{Simmetrix STTR Progress Report 3}},
note={\url{https://www.scorec.rpi.edu/rwiki/images/6/68/Report3-edited.pdf}}
}
@UNPUBLISHED{SimmProgress4,
author={{Nithin Mathew, Catalin Picu}},
title={{Simmetrix STTR Progress Report 4}},
note={\url{https://www.scorec.rpi.edu/rwiki/images/8/8e/Nithin_STTR_report_4_.pdf}}
}

@COMMENT PHASTA
@ARTICLE{WhiJan99,
	author = "C. H. Whiting and K. E. Jansen",
	title = "A stabilized finite element method for the
		incompressible {N}avier-{S}tokes equations using a
		hierarchical basis",
	journal = "Int. J. Numer. Meth. Fluids",
        volume  = "35",
        year    = "2001",
	pages   = {93--116},
}

@ARTICLE{WhiJanDey99,
	author = "C. H. Whiting and K. E. Jansen and S. Dey",
	title = "Hierarchical basis in stabilized finite element methods
		for compressible flows",
	journal = "Computer Methods in Applied Mechanics and Engineering",
	volume  = "192",
	year    = "2003",
	pages   ="5167--5185"
}

@article{jansen2000generalized,
  title={A generalized-< i> $\alpha$</i> method for integrating the filtered Navier--Stokes equations with a stabilized finite element method},
  author={Jansen, Kenneth E and Whiting, Christian H and Hulbert, Gregory M},
  journal={Computer Methods in Applied Mechanics and Engineering},
  volume={190},
  number={3},
  pages={305--319},
  year={2000},
  publisher={Elsevier}
}

@ARTICLE{WhiJan01,
      author = "C. H. Whiting and K. E. Jansen",
      title = "A stabilized finite element method for the
               incompressible {N}avier-{S}tokes equations using a
               hierarchical basis",
      journal = ijnmf,
      volume  = "35",
      year    = "2001",
      pages   = {93--116},
}

@article{rasquinCise2014,
  title={{Scalable Implicit Flow Solver for Realistic Wing Simulations with
    Flow Control}},
  author={Rasquin, Michel and Smith, Cameron and Chitale, Kedar and Seol, E
    Seegyoung and Matthews, Benjamin A and Martin, Jeffrey L and Sahni,
    Onkar and Loy, Raymond M and Shephard, Mark S and Jansen, Kenneth E},
  journal={Computing in Science \& Engineering},
  number={6},
  pages={13--21},
  year={2014},
  publisher={AIP Publishing}
}

@inproceedings{sahni2009scalable,
  title={Scalable implicit finite element solver for massively parallel
    processing with demonstration to 160k cores},
  author={Sahni, Onkar and Zhou, Min and Shephard, Mark S and Jansen,
    Kenneth E},
  booktitle={High Performance Computing Networking, Storage and Analysis,
    Proceedings of the Conference on},
  pages={1--12},
  year={2009},
  organization={IEEE}
}


@COMMENT partitioning - other
@article{hendrickson2000dynamic,
  title={Dynamic load balancing in computational mechanics},
  author={Hendrickson, Bruce and Devine, Karen},
  journal={Computer Methods in Applied Mechanics and Engineering},
  volume={184},
  number={2},
  pages={485--500},
  year={2000},
  publisher={Elsevier}
}

@COMMENT graph algorithms
@book{cormen2001introduction,
  title={Introduction To Algorithms},
  author={Cormen, T.H. and Leiserson, C.E. and Rivest, R.L. and Stein, C.},
  isbn={9780262032933},
  lccn={00103127},
  url={https://books.google.com/books?id=NLngYyWFl\_YC},
  year={2001},
  publisher={MIT Press}
}

@COMMENT graph partitioning
@misc{ZoltanHome,
  Author = {E. Boman{\,} K. Devine{\,} L.A. Fisk{\,} R. Heaphy{\,} B. Hendrickson{\,} V. Leung{\,} C. Vaughan{\,} U. Catalyurek{\,} D. Bozdag{\,} and W. Mitchell},
  Title = {Zoltan home page},
  note={\url{http://www.cs.sandia.gov/Zoltan}},
  month={September},
  year={2011}
}

@article{devine2002zoltan,
  title={Zoltan data management services for parallel dynamic applications},
  author={Devine, Karen and Boman, Erik and Heaphy, Robert and Hendrickson,
    Bruce and Vaughan, Courtenay},
  journal={Computing in Science \& Engineering},
  volume={4},
  number={2},
  pages={90--96},
  year={2002},
  publisher={IEEE}
}

@article{parmetis4,
  author = {G. Karyphis and K. Schloegel},
  title = {{Parallel Graph Partitioning and Sparse Matrix Ordering Library,
    Version 4.0}},
  year = {2015},
}

@article{karypis98,
  author = {Karypis, G. and Kumar, V.},
  title = {A Fast and High Quality Multilevel Scheme for Partitioning Irregular Graphs},
  journal = {SIAM Journal on Scientific Computing},
  volume = {20},
  number = {1},
  pages = {359-392},
  year = {1998},
  doi = {10.1137/S1064827595287997},
  URL = {
            http://dx.doi.org/10.1137/S1064827595287997
  },
  eprint = {
            http://dx.doi.org/10.1137/S1064827595287997
  }
}

@inproceedings{karypis1998multilevel,
  title={Multilevel algorithms for multi-constraint graph partitioning},
  author={Karypis, George and Kumar, Vipin},
  booktitle={Proceedings of the 1998 ACM/IEEE conference on Supercomputing (CDROM)},
  pages={1--13},
  year={1998},
  organization={IEEE Computer Society}
}

@article{karypis1999parallel,
  title={Parallel multilevel series k-way partitioning scheme for irregular graphs},
  author={Karypis, George and Kumar, Vipin},
  journal={Siam Review},
  volume={41},
  number={2},
  pages={278--300},
  year={1999},
  publisher={SIAM}
}

@article{schloegel1997multilevel,
  title={Multilevel diffusion schemes for repartitioning of adaptive meshes},
  author={Schloegel, Kirk and Karypis, George and Kumar, Vipin},
  journal={Journal of Parallel and Distributed Computing},
  volume={47},
  number={2},
  pages={109--124},
  year={1997},
  publisher={Elsevier}
}

@article{schloegel2002parallel,
  title={Parallel static and dynamic multi-constraint graph partitioning},
  author={Schloegel, Kirk and Karypis, George and Kumar, Vipin},
  journal={Concurrency and Computation: Practice and Experience},
  volume={14},
  number={3},
  pages={219--240},
  year={2002},
  publisher={Wiley Online Library}
}


@inproceedings{lasalle2013multi,
  title={Multi-threaded graph partitioning},
  author={LaSalle, Dominique and Karypis, George},
  booktitle={Parallel \& Distributed Processing (IPDPS), 2013 IEEE 27th International Symposium on},
  pages={225--236},
  year={2013},
  organization={IEEE}
}

@COMMENT hypergraph partitioning

@inproceedings{devine2006parallel,
  title={Parallel hypergraph partitioning for scientific computing},
  author={Devine, Karen D and Boman, Erik G and Heaphy, Robert T and Bisseling, Rob H and Catalyurek, Umit V},
  booktitle={Parallel and Distributed Processing Symposium, 2006. IPDPS 2006. 20th International},
  pages={10--pp},
  year={2006},
  organization={IEEE}
}

@article{catalyurek2009repartitioning,
  title={A repartitioning hypergraph model for dynamic load balancing},
  author={Catalyurek, Umit V and Boman, Erik G and Devine, Karen D and Bozda{\u{g}}, Doruk and Heaphy, Robert T and Riesen, Lee Ann},
  journal={Journal of Parallel and Distributed Computing},
  volume={69},
  number={8},
  pages={711--724},
  year={2009},
  publisher={Elsevier}
}

@article{catalyurek1999hypergraph,
  title={Hypergraph-partitioning-based decomposition for parallel sparse-matrix vector multiplication},
  author={Catalyurek, Umit V and Aykanat, Cevdet},
  journal={Parallel and Distributed Systems, IEEE Transactions on},
  volume={10},
  number={7},
  pages={673--693},
  year={1999},
  publisher={IEEE}
}

@article{aykanat2008multi,
  title={Multi-level direct k-way hypergraph partitioning with multiple constraints and fixed vertices},
  author={Aykanat, Cevdet and Cambazoglu, B Barla and U{\c{c}}ar, Bora},
  journal={Journal of Parallel and Distributed Computing},
  volume={68},
  number={5},
  pages={609--625},
  year={2008},
  publisher={Elsevier}
}

@article{karypis2000multilevel,
  title={Multilevel k-way hypergraph partitioning},
  author={Karypis, George and Kumar, Vipin},
  journal={VLSI design},
  volume={11},
  number={3},
  pages={285--300},
  year={2000},
  publisher={Hindawi Publishing Corporation}
}

@COMMENT geometric


@ARTICLE{devineMultiJagged2015,
  author={Deveci, M. and Rajamanickam, S. and Devine, K. and Catalyurek, U.},
  journal={Parallel and Distributed Systems, IEEE Transactions on},
  title={Multi-Jagged: A Scalable Parallel Spatial Partitioning Algorithm},
  year={2015},
  month={},
  volume={PP},
  number={99},
  pages={1-1},
  keywords={Distributed databases;Heuristic algorithms;Indexes;
            Partitioning algorithms;Program processors;
            Scalability;Software algorithms;Geometric partitioning;
            jagged partitioning;load balancing;recursive bisection;
            spatial partitioning},
  doi={10.1109/TPDS.2015.2412545},
  ISSN={1045-9219}
}

@article{SauleJagged2012,
  title = "Load-balancing spatially located computations using rectangular partitions ",
  journal = "Journal of Parallel and Distributed Computing ",
  volume = "72",
  number = "10",
  pages = "1201 - 1214",
  year = "2012",
  note = "",
  issn = "0743-7315",
  doi = "http://dx.doi.org/10.1016/j.jpdc.2012.05.013",
  url = "http://www.sciencedirect.com/science/article/pii/S0743731512001311",
  author = "Erik Saule and Erdeniz Ö. Baş and Ümit V. Çatalyürek",
  keywords = "Load balancing",
  keywords = "Spatial partitioning",
  keywords = "Optimal algorithms",
  keywords = "Heuristics",
  keywords = "Dynamic programming",
  keywords = "Particle-in-cell",
  keywords = "Mesh-based computation",
  keywords = "Jagged partitioning",
  keywords = "Rectilinear partitioning",
  keywords = "Hierarchical partitioning ",
}

@article{zoltan2,
  Abstract = {Abstract Not Provided},
  Author = {Boman, Erik G. and Devine, Karen D. and Leung, Vitus J. and Rajamanickam, Sivasankaran and Riesen, Lee Ann and Mehmet, Deveci and Umit, Catalyurek},
  Title = {Zoltan2: Next-Generation Combinatorial Toolkit.},
  journal = "Trilinos Users Group Meeting",
  URL = {http://libproxy.rpi.edu/login?url=http://search.ebscohost.com/login.aspx?direct=true&db=edsecd&AN=edsecd.1062842&site=eds-live&scope=site},
  Year = {2012},
}

@article{gilbertGeo,
author = {John R. Gilbert and Gary L. Miller and Shang-Hua Teng},
title = {Geometric Mesh Partitioning: Implementation and Experiments},
journal = {SIAM Journal on Scientific Computing},
volume = {19},
number = {6},
pages = {2091-2110},
year = {1998},
doi = {10.1137/S1064827594275339},
URL = { http://dx.doi.org/10.1137/S1064827594275339 },
eprint = { http://dx.doi.org/10.1137/S1064827594275339 }
}

@inproceedings{kirmani2013scalable,
  title={Scalable parallel graph partitioning},
  author={Kirmani, Shad and Raghavan, Padma},
  booktitle={Proceedings of the International Conference on High Performance Computing, Networking, Storage and Analysis},
  pages={51},
  year={2013},
  organization={ACM}
}

@article{williamsRIB,
  author = {Williams, Roy D.},
  title = {Performance of Dynamic Load Balancing Algorithms for Unstructured Mesh Calculations},
  journal = {Concurrency: Pract. Exper.},
  issue_date = {Oct. 1991},
  volume = {3},
  number = {5},
  month = oct,
  year = {1991},
  issn = {1040-3108},
  pages = {457--481},
  numpages = {25},
  url = {http://dx.doi.org/10.1002/cpe.4330030502},
  doi = {10.1002/cpe.4330030502},
  acmid = {124739},
  publisher = {John Wiley and Sons Ltd.},
  address = {Chichester, UK},
}

@ARTICLE{TaylorRIB,
  author = {Valerie Taylor and Bahram Nour-omid},
  title = {A Study of the Factorization Fill-In for a Parallel Implementation of the Finite Element Method},
  journal = {Int. J. Numer. Meth. Engng},
  year = {1994},
  volume = {37},
  pages = {3809--3823}
}

@article{bergerRib1987,
  title={A partitioning strategy for nonuniform problems on multiprocessors},
  author={Berger, Marsha J and Bokhari, Shahid H},
  journal={Computers, IEEE Transactions on},
  volume={100},
  number={5},
  pages={570--580},
  year={1987},
  publisher={IEEE}
}


@COMMENT spectral partitioning

@article{HuBlakeMigration,
author = {HU, Y. F. and BLAKE, R. J. and EMERSON, D. R.},
title = {An optimal migration algorithm for dynamic load balancing},
journal = {Concurrency: Practice and Experience},
volume = {10},
number = {6},
publisher = {John Wiley & Sons, Ltd},
issn = {1096-9128},
url = {http://dx.doi.org/10.1002/(SICI)1096-9128(199805)10:6<467::AID-CPE325>3.0.CO;2-A},
doi = {10.1002/(SICI)1096-9128(199805)10:6<467::AID-CPE325>3.0.CO;2-A},
pages = {467--483},
year = {1998}
}

@COMMENT partitioning overview
@book{DongarraSourcebookParComp,
 editor = {Dongarra, Jack and Foster, Ian and Fox, Geoffrey and Gropp, William and Kennedy, Ken and Torczon, Linda and White, Andy},
 title = {Sourcebook of parallel computing},
 year = {2003},
 isbn = {1-55860-871-0},
 publisher = {Morgan Kaufmann Publishers Inc.},
 address = {San Francisco, CA, USA},
}

@article{Shang20141,
  title = {Impact of mesh partitioning methods in CFD for large scale parallel computing},
  journal = {Computers \& Fluids},
  volume = "103",
  number = "0",
  pages = "1 - 5",
  year = "2014",
  issn = "0045-7930",
  doi = "http://dx.doi.org/10.1016/j.compfluid.2014.07.016",
  url = "http://www.sciencedirect.com/science/article/pii/S0045793014003016",
  author = "Zhi Shang",
  keywords = "Mesh partitioning",
  keywords = "High performance computing",
  keywords = "Large scale",
  keywords = "CFD",
}



@COMMENT ParMA

@article{Smith2015,
  title = "Application Specific Partition Improvement",
  journal = "SIAM Journal on Scientific Computing",
  volume = "submitted",
  number = "",
  pages = "",
  year = "2015",
  note = "",
  author = "Cameron W. Smith and Michel Rasquin and Dan Ibanez
    and Kenneth E.
    Jansen and Mark S. Shephard"
}


@article{phastaParma2015,
title = "Partition Improvement to Accelerate Extreme Scale CFD",
journal = "SIAM Journal on Scientific Computing",
volume = "in preparation",
number = "",
pages = "",
year = "2015",
note = "",
author = "Cameron W. Smith and Michel Rasquin and Dan Ibanez and Mark S. Shephard and Kenneth E. Jansen",
}



@article{Zhou2010,
title = "Controlling unstructured mesh partitions for massively parallel simulations",
journal = "SIAM Journal on Scientific Computing",
volume = "32",
number = "6",
pages = "3201 - 3227",
year = "2010",
note = "",
author = {M. Zhou{\,} O. Sahni{\,} K.D. Devine{\,}  M.S. Shephard{\,} K.E. Jansen}
}

@article{zhou2012tools,
  title={Tools to support mesh adaptation on massively parallel computers},
  author={Zhou, Min and Xie, Ting and Seol, Seegyoung and Shephard, Mark S
    and Sahni, Onkar and Jansen, Kenneth E},
  journal={Engineering with Computers},
  volume={28},
  number={3},
  pages={287--301},
  year={2012},
  publisher={Springer}
}

@article{zhou2012unstructured,
  title={Unstructured mesh partition improvement for implicit finite element at extreme scale},
  author={Zhou, Min and Sahni, Onkar and Xie, Ting and Shephard, Mark S and Jansen, Kenneth E},
  journal={The Journal of Supercomputing},
  volume={59},
  number={3},
  pages={1218--1228},
  year={2012},
  publisher={Springer}
}

@misc{PARMAWWW,
  key = {ParMA Web},
  title = {{ParMA}: Diffusive Partition Improvement Library},
  note = {http://www.scorec.rpi.edu/parma},
  year = 2014
}

@COMMENT undirected local partitioning

@article{willebeek1993strategies,
  title={Strategies for dynamic load balancing on highly parallel computers},
  author={Willebeek-LeMair, Marc H and Reeves, Anthony P.},
  journal={Parallel and Distributed Systems, IEEE Transactions on},
  volume={4},
  number={9},
  pages={979--993},
  year={1993},
  publisher={IEEE}
}

@article{cybenko1989dynamic,
  title={Dynamic load balancing for distributed memory multiprocessors},
  author={Cybenko, George},
  journal={Journal of parallel and distributed computing},
  volume={7},
  number={2},
  pages={279--301},
  year={1989},
  publisher={Elsevier}
}


@COMMENT directed local partitioning

@inproceedings{ou1994parallel,
  title={Parallel incremental graph partitioning using linear programming},
  author={Ou, Chao-Wei and Ranka, Sanjay},
  booktitle={Supercomputing'94., Proceedings},
  pages={458--467},
  year={1994},
  organization={IEEE}
}

@book{walshaw1995dynamic,
  title={Dynamic mesh partitioning: A unified optimisation and load-balancing algorithm},
  author={Walshaw, C and Cross, Mark and Everett, MG},
  year={1995},
  publisher={London: CMS Press}
}

@article{Hu1998,
author = {Hu, Y. F. and Blake, R. J. and Emerson, D. R.},
file = {:C$\backslash$:/Users/cwsmith/Documents/Papers/HuBlake98\_optimalMigrationForDynamicLoadBalancing.pdf:pdf},
title = {{An optimal migration algorithm for dynamic load balancing}},
journal = {Concurrency: Practice and Experience},
year = {1998}
}

@article{hu1999improved,
  title={An improved diffusion algorithm for dynamic load balancing},
  author={Hu, YF and Blake, RJ},
  journal={Parallel Computing},
  volume={25},
  number={4},
  pages={417--444},
  year={1999},
  publisher={Elsevier}
}

@article{schloegel2001wavefront,
  title={Wavefront diffusion and LMSR: Algorithms for dynamic repartitioning of adaptive meshes},
  author={Schloegel, Kirk and Karypis, George and Kumar, Vipin},
  journal={Parallel and Distributed Systems, IEEE Transactions on},
  volume={12},
  number={5},
  pages={451--466},
  year={2001},
  publisher={IEEE}
}

@article{meyerhenke2009graph,
  title={Graph partitioning and disturbed diffusion},
  author={Meyerhenke, Henning and Monien, Burkhard and Schamberger, Stefan},
  journal={Parallel Computing},
  volume={35},
  number={10},
  pages={544--569},
  year={2009},
  publisher={Elsevier}
}

@COMMENT KL/FM refinement metrics

@inproceedings{Fiduccia1982,
author = {Fiduccia, C.M. and Mattheyses, R.M.},
booktitle = {19th Design Automation Conference},
file = {:C$\backslash$:/Users/cwsmith/Documents/Papers/FiducciaMattheyses\_Partitioning.pdf:pdf},
pages = {175--181},
publisher = {IEEE},
title = {{A linear-time heuristic for improving network partitions}},
url = {http://ieeexplore.ieee.org/xpls/abs\_all.jsp?arnumber=1585498},
year = {1982}
}

@article{Kernighan1970,
author = {Kernighan, Brian W. and Lin, S.},
file = {:C$\backslash$:/Users/cwsmith/Documents/Papers/KernighanLin\_Partitioning.pdf:pdf},
journal = {The Bell System Technical Journal},
pages = {291--307},
title = {{An Efficient Heuristic Procedure for Partitioning Graphs}},
year = {1970}
}

@COMMENT diffusion-like dynamic partitioning
@article{Walshaw1997,
  author = {Walshaw, C},
  doi = {10.1006/jpdc.1997.1407},
  file = {:C$\backslash$:/Users/cwsmith/Documents/Papers/Walshaw97\_dynamicPartitioningAdaptiveUnStructuredMeshes.pdf:pdf},
  issn = {07437315},
  journal = {Journal of Parallel and Distributed Computing},
  keywords = {adaptive unstructured meshes,graph-partitioning,load-balancing,parallel computing},
  month = dec,
  number = {2},
  pages = {102--108},
  title = {{Parallel Dynamic Graph Partitioning for Adaptive Unstructured Meshes}},
  url = {http://linkinghub.elsevier.com/retrieve/pii/S0743731597914076},
  volume = {47},
  year = {1997}
}

@COMMENT mesh data structure/framework
@article{pumiToms,
  title={PUMI: Parallel Unstructured Mesh Infrastructure},
  author={Ibanez, Daniel A and Seol, E Seegyoung and Smith, Cameron W and
    Shephard, Mark S},
  journal={ACM Transactions on Mathematical Software},
  year={2015}
}

@article{WOLFHPC,
  author        = "E. Seegyoung Seol and Cameron W. Smith and Daniel A. Ibanez and Mark S. Shephard",
  title         = "A parallel unstructured mesh infrastructure",
  journal       = "High Performance Computing, Networking, Storage and Analysis (SCC), 2012 SC Companion:",
  volume        = "",
  number        = "",
  month         = "nov",
  year          = "2012",
  pages         = "1124--1132",
  doi           = "10.1109/SC.Companion.2012.135",
  url           = "http://ieeexplore.ieee.org/xpls/abs_all.jsp?arnumber=6495917&tag=1",
  note          = "",
}

@article (ShepSeol,
   AUTHOR = {M.S. Shephard and E. Seegyoung Seol},
   TITLE = {Flexible Distributed Mesh Data
Structure for Parallel Adaptive Analysis},
   JOURNAL = {Advanced Computational Infrastructures
for Parallel and Distributed Adaptive Applications},
   YEAR = 2007,
   PAGES = {1-38})

@article{SeolS06,
  author = "Seol, E.S. and Shephard, M.S.",
  title = "Efficient distributed mesh data structure for parallel automated adaptive analysis",
  journal = "Engineering with Computers",
  volume = "22",
  number = "3-4",
  pages = "197-213",
  year = "2006"
}

@PhdThesis{seoDissertation,
  author = {E. Seegyoung Seol},
  title = {FMDB: Flexible Distributed Mesh Database for Parallel Automated Adaptive Analysis},
  school = {Rensselaer Polytechnic Institute},
  year = {2005}
}


@COMMENT pcu
@article{ibanez2014hybrid,
  title={Hybrid MPI-thread parallelization of adaptive mesh operations},
  author={Ibanez, Daniel A and Dunn, Ian and Shephard, Mark S},
  journal={Parallel Computing. Submitted},
  year={2014}
}

@article{ovcharenko2012neighborhood,
  title={Neighborhood communication paradigm to increase scalability in large-scale dynamic scientific applications},
  author={Ovcharenko, Aleksandr and Ibanez, Daniel and Delalondre, Fabien and Sahni, Onkar and Jansen, Kenneth E and Carothers, Christopher D and Shephard, Mark S},
  journal={Parallel Computing},
  volume={38},
  number={3},
  pages={140--156},
  year={2012},
  publisher={Elsevier}
}

@COMMENT


@COMMENT PETSC
@Misc{petsc-web-page,
            Author = "Satish Balay and Jed Brown and Kris Buschelman and William D. Gropp and Dinesh Kaushik and Matthew G. Knepley and Lois Curfman McInnes and Barry F. Smith and Hong Zhang",
            Title = "{PETSc} {W}eb page",
            Note = "http://www.mcs.anl.gov/petsc",
            Year = "2011"
}

@TechReport{petsc-user-ref,
            Author = "Satish Balay and Jed Brown and Kris Buschelman and Victor Eijkhout and William D.  Gropp and Dinesh Kaushik and Matthew G. Knepley and Lois Curfman McInnes and Barry F. Smith and Hong Zhang",
            Title = "{PETS}c Users Manual",
            Number = "ANL-95/11 - Revision 3.2",
            Institution = "Argonne National Laboratory",
            Year = "2011"
}

@InProceedings{petsc-efficient,
            Author = "Satish Balay and William D. Gropp and Lois Curfman McInnes and Barry F.  Smith",
            Title = "Efficient Management of Parallelism in Object Oriented Numerical Software Libraries",
            Booktitle = "Modern Software Tools in Scientific Computing",
            Editor = "E. Arge and A. M. Bruaset and H. P. Langtangen",
            Pages = "163--202",
            Publisher = "Birkh{\"{a}}user Press",
            Year = "1997"
}

@COMMENT Omega3p
@article{lee2009omega3p,
  title={Omega3P: A parallel finite-element eigenmode analysis code for accelerator cavities},
  author={Lee, Lie-Quan and Li, Zenghai and Ng, Cho and Ko, Kwok and others},
  journal={SLACPUB-13529},
  year={2009}
}


@COMMENT Multi-criteria partitioning
@COMMENT 4 – U.V.Catalyurek, C Aykanat, PaToH: A Multilevel Hypergraph Partitioning Tool, Version 3.0, Department of Computer Engineering, Bilkent University, Ankara, 06533 Turkey. PaToH is available at http://bmi.osu.edu/ umit/software.htm, 1999.
@COMMENT 18 - K. Schloegel, G. Karypis, and V. Kumar, Parallel static and dynamic multiconstraint graph partitioning, Concurrency and Computation: Practice and Experience, 14 (2002), pp. 219–240.

@COMMENT Iterative partitioning
@Article{Monien:2000:QML,
  author =       "Burkhard Monien and Robert Preis and Ralf Diekmann",
  title =        "Quality matching and local improvement for multilevel graph-partitioning",
  journal =      j-PARALLEL-COMPUTING,
  volume =       "26",
  number =       "12",
  pages =        "1609--1634",
  month =        nov,
  year =         "2000",
  CODEN =        "PACOEJ",
  ISSN =         "0167-8191 (print), 1872-7336 (electronic)",
  ISSN-L =       "0167-8191",
  fjournal =     "Parallel Computing",
}

@COMMENT Flaherty - Parallel Structures and Dynamic Load Balancing for Adaptive Finite Element Computation
@COMMENT 15 - H. L. de Cougny, K. D. Devine, J. E. Flaherty, R. M. Loy, C. Ozturan, and M. S. Shephard, Load balancing for the parallel adaptive solution of partial differential equations, Appl. Numer. Math., 16 (1994) 157-182.
@COMMENT 17 - K. D. Devine, J. E. Flaherty, R. Loy, and S. Wheat, Parallel partitioning strategies for the adaptive solution of conservation laws, in: 1. Babuska, J. E. Flaherty, W. D. Henshaw, J. E. Hopcroft, J. E. Oliger, and T. Tezduyar, eds., Modeling, Mesh Generation, and Adaptive Numerical Methods for Partial Differential Equations, No. 75, (Springer-Verlag, Berlin-Heidelberg, 1995) 215-242.
@COMMENT 26 - E. Leiss and H. Reddy, Distributed load balancing: design and performance analysis, W. M. Kuck Research Computation Laboratory, 5 (1989) 205-270.
@COMMENT 39 - C. H. Walshaw and M. Berzins, Dynamic load balancing for PDE solvers on adaptive unstructured meshes, Concurrency: Practice and Experience, 7 (1995) 17-28.
@COMMENT 41 - R. D. Williams, Voxel databases: A paradigm for parallelism with spatial structure, Concurrency: Practice and Experience, 4 (1992) 619-636.


@COMMENT ROSS
@article{carothers2002ross,
  title={ROSS: A high-performance, low-memory, modular Time Warp system},
  author={Carothers, Christopher D and Bauer, David and Pearce, Shawn},
  journal={Journal of Parallel and Distributed Computing},
  volume={62},
  number={11},
  pages={1648--1669},
  year={2002},
  publisher={Elsevier}
}

@inproceedings{mubarak2012modeling,
  title={Modeling a million-node dragonfly network using massively parallel
    discrete-event simulation},
  author={Mubarak, Misbah and Carothers, Christopher D and Ross, Robert and
    Carns, Philip},
  booktitle={High Performance Computing, Networking, Storage and Analysis
    (SCC), 2012 SC Companion:},
  pages={366--376},
  year={2012},
  organization={IEEE}
}

@inproceedings{barnes2013warp,
  title={Warp speed: Executing time warp on 1,966,080 cores},
  author={Barnes Jr, Peter D and Carothers, Christopher D and Jefferson,
    David R and LaPre, Justin M},
  booktitle={Proceedings of the 2013 ACM SIGSIM conference on Principles
    of advanced discrete simulation},
  pages={327--336},
  year={2013},
  organization={ACM}
}

@COMMENT Code Saturne

@article{turka2012code,
  title={Code Saturne Optimizations in Preprocessing},
  author={Turka, A and Moulinecb, C and Sunderlandb, AG and Aykanata, C},
  journal={SMALL},
  volume={5},
  pages={335},
  year={2012}
}

@COMMENT power graphs

@inproceedings{gonzalez2012powergraph,
  title={PowerGraph: Distributed Graph-Parallel Computation on Natural
    Graphs.},
  author={Gonzalez, Joseph E and Low, Yucheng and Gu, Haijie and Bickson,
    Danny and Guestrin, Carlos},
  booktitle={OSDI},
  volume={12},
  number={1},
  pages={2},
  year={2012}
}


@inproceedings{abou2006multilevel,
  title={Multilevel algorithms for partitioning power-law graphs},
  author={Abou-Rjeili, Amine and Karypis, George},
  booktitle={Parallel and Distributed Processing Symposium, 2006. IPDPS
    2006. 20th International},
  pages={10--pp},
  year={2006},
  organization={IEEE}
}

@inproceedings{pienta2013parallel,
  title={On the parallel simulation of scale-free networks},
  author={Pienta, Robert S and Fujimoto, Richard M},
  booktitle={Proceedings of the 2013 ACM SIGSIM conference on Principles
    of advanced discrete simulation},
  pages={179--188},
  year={2013},
  organization={ACM}
}

@article{leskovec2009community,
  title={Community structure in large networks: Natural cluster sizes and the
    absence of large well-defined clusters},
  author={Leskovec, Jure and Lang, Kevin J and Dasgupta, Anirban and
    Mahoney, Michael W},
  journal={Internet Mathematics},
  volume={6},
  number={1},
  pages={29--123},
  year={2009},
  publisher={AK Peters}
}

@article{lang2004finding,
  title={Finding good nearly balanced cuts in power law graphs},
  author={Lang, Kevin},
  journal={Preprint},
  year={2004}
}

@misc{twitter2010,
  title={Twitter Social web graph, circa 2010},
  author={Kwak, H., Lee, C., Park, H., and Moon, S.},
  year=2015,
  url={http://an.kaist.ac.kr/traces/WWW2010.html}
}

@inproceedings{kwak2010twitter,
  title={What is Twitter, a social network or a news media?},
  author={Kwak, Haewoon and Lee, Changhyun and Park, Hosung and Moon, Sue},
  booktitle={Proceedings of the 19th international conference on World
    wide web},
  pages={591--600},
  year={2010},
  organization={ACM}
}


@COMMENT MIS

@inproceedings{luby1985simple,
  title={A simple parallel algorithm for the maximal independent set problem},
  author={Luby, Michael},
  booktitle={Proceedings of the seventeenth annual ACM symposium on Theory
    of computing},
  pages={1--10},
  year={1985},
  organization={ACM}
}

@comment hwloc

@inproceedings{broquedis2010hwloc,
  title={hwloc: A generic framework for managing hardware affinities in HPC
    applications},
  author={Broquedis, Fran{\c{c}}ois and Clet-Ortega, J{\'e}r{\^o}me and
    Moreaud, St{\'e}phanie and Furmento, Nathalie and Goglin, Brice and
      Mercier, Guillaume and Thibault, Samuel and Namyst, Raymond},
  booktitle={Parallel, Distributed and Network-Based Processing (PDP),
    2010 18th Euromicro International Conference on},
  pages={180--186},
  year={2010},
  organization={IEEE}
}

@comment power monitoring

@inproceedings{wallace2013measuring,
  title={Measuring power consumption on IBM Blue Gene/Q},
  author={Wallace, Sean and Vishwanath, Venkatram and Coghlan, Susan and
    Lan, Zhiling and Papka, Michael E},
  booktitle={Parallel and Distributed Processing Symposium Workshops \&
    PhD Forum (IPDPSW), 2013 IEEE 27th International},
  pages={853--859},
  year={2013},
  organization={IEEE}
}

@comment nektar++

@article{Cantwell2015205,
  title = "Nektar++: An open-source spectral/ element framework ",
  journal = "Computer Physics Communications ",
  volume = "192",
  number = "",
  pages = "205 - 219",
  year = "2015",
  note = "",
  issn = "0010-4655",
  doi = "http://dx.doi.org/10.1016/j.cpc.2015.02.008",
  url = "http://www.sciencedirect.com/science/article/pii/S0010465515000533",
  author = "C.D. Cantwell and D. Moxey and A. Comerford and A. Bolis and G.
    Rocco and G. Mengaldo and D. De Grazia and S. Yakovlev and J.-E. Lombard and
    D. Ekelschot and B. Jordi and H. Xu and Y. Mohamied and C. Eskilsson and B.
    Nelson and P. Vos and C. Biotto and R.M. Kirby and S.J. Sherwin",
  keywords = "High-order finite elements",
  keywords = "Spectral/ h p elements",
  keywords = "Continuous Galerkin method",
  keywords = "Discontinuous Galerkin method",
  keywords = "FEM ",
}

@comment variable p

@article{shephard1997straightforward,
  title={A straightforward structure to construct shape functions for variable
    p-order meshes},
  author={Shephard, Mark S and Dey, Saikat and Flaherty, Joseph E},
  journal={Computer Methods in Applied Mechanics and Engineering},
  volume={147},
  number={3},
  pages={209--233},
  year={1997},
  publisher={Elsevier}
}

